@article{Heer2010,
    title = {{A tour through the visualization zoo}},
    year = {2010},
    journal = {Communications of the ACM},
    author = {Heer, Jeffrey and Bostock, Michael and Ogievetsky, Vadim},
    number = {6},
    month = {6},
    pages = {59},
    volume = {53},
    url = {http://portal.acm.org/citation.cfm?doid=1743546.1743567},
    doi = {10.1145/1743546.1743567},
    issn = {00010782}
}

@article{Heer2010AZoo,
    title = {{A tour through the visualization zoo}},
    year = {2010},
    journal = {Communications of the ACM},
    author = {Heer, Jeffrey and Bostock, Michael and Ogievetsky, Vadim},
    number = {6},
    month = {6},
    pages = {59},
    volume = {53},
    url = {http://portal.acm.org/citation.cfm?doid=1743546.1743567},
    doi = {10.1145/1743546.1743567},
    issn = {00010782}
}

@techreport{CapitalAdd-On,
    title = {{Capital IQ Premium Financials-Understanding the Data Debt Capital Structure Add-On}},
    url = {https://wrds-www.wharton.upenn.edu/documents/939/Understanding_The_Data_-_Capital_Structure_ELGoxJs.pdf}
}

@misc{UniversityofPennsylvania-WRDSWhartonResearchDataServices2019CompustatIQ,
    title = {{Compustat - Capital IQ}},
    year = {2019},
    author = {{University of Pennsylvania - WRDS (Wharton Research Data Services)}},
    url = {https://wrds-web.wharton.upenn.edu/wrds/query_forms/navigation.cfm?navId=60}
}

@misc{U.S.SecuritiesandExchangeCommission2019DivisionList,
    title = {{Division of Corporation Finance: Standard Industrial Classification (SIC) Code List}},
    year = {2019},
    author = {{U.S. Securities and Exchange Commission}},
    url = {https://www.sec.gov/info/edgar/siccodes.htm}
}

@book{Bergeron2003EssentialsCentury,
    title = {{Essentials of XBRL : financial reporting in the 21st century}},
    year = {2003},
    author = {Bergeron, Bryan P.},
    pages = {220},
    publisher = {Wiley},
    url = {https://books.google.com/books?hl=en&lr=&id=a1NRYltkRIQC&oi=fnd&pg=PR9&dq=xbrl+financial+reporting&ots=_UUjht5HXJ&sig=_HB_cRkx-Ti6vp60nCF_LdjrDcQ#v=onepage&q=xbrl%20financial%20reporting&f=false},
    isbn = {0471458082}
}

@techreport{GICS3,
    title = {{GICS {\textregistered} Global Industry Classification Standard 2 S{\&}amp;P Global Market Intelligence | MSCI Global Industry Classification Standard 3}},
    url = {www.spglobal.com/marketintelligence.}
}

@techreport{Chan2007IndustryReturns,
    title = {{Industry classifications and the comovement of stock returns}},
    year = {2007},
    author = {Chan, Louis K C and Lakonishok, Josef and Swaminathan, Bhaskaran},
    url = {http://citeseerx.ist.psu.edu/viewdoc/download?doi=10.1.1.645.6254&rep=rep1&type=pdf}
}

@techreport{2017InsightsBenchmark,
    title = {{Insights Industry Classification Benchmark}},
    year = {2017},
    url = {https://www.ftserussell.com/sites/default/files/industry_classification_benchmark_insights.pdf}
}

@techreport{2018NASDAQ-100METHODOLOGY,
    title = {{NASDAQ-100 INDEX METHODOLOGY}},
    year = {2018},
    url = {https://indexes.nasdaqomx.com/docs/methodology_NDX.pdf}
}

@book{Tedlow1996NewAmerica,
    title = {{New and improved : the story of mass marketing in America}},
    year = {1996},
    author = {Tedlow, Richard S.},
    pages = {483},
    publisher = {Harvard Business School Press},
    url = {https://www.amazon.com/New-Improved-Story-Marketing-America/dp/0875846726},
    isbn = {9780875846729}
}

@techreport{Sifma2018SIFMAPrimer,
    title = {{SIFMA Insights - US ETF Market Structure Primer}},
    year = {2018},
    author = {{Sifma}},
    pages = {25},
    url = {https://www.sifma.org/insights}
}

@article{Lafontaine2007VerticalJSTOR,
    title = {{Vertical Integration and Firm Boundaries: The Evidence on JSTOR}},
    year = {2007},
    journal = {Journal of Economic Literature},
    author = {Lafontaine, Francine and Slade, Margaret},
    number = {3},
    pages = {629--685},
    volume = {45},
    url = {https://ezproxy.stevens.edu:2322/stable/27646842?seq=1#metadata_info_tab_contents}
}

@article{Laffer1969Vertical1929-1965,
    title = {{Vertical Integration by Corporations, 1929-1965}},
    year = {1969},
    journal = {The Review of Economics and Statistics},
    author = {Laffer, Arthur B.},
    number = {1},
    month = {2},
    pages = {91},
    volume = {51},
    url = {https://www.jstor.org/stable/1926952?origin=crossref},
    doi = {10.2307/1926952},
    issn = {00346535}
}

@article{Guan2012VerticalIntegration,
    title = {{Vertical integration in supply chains: driving forces and consequences for a manufacturer's downstream integration}},
    year = {2012},
    journal = {Supply Chain Management: An International Journal},
    author = {Guan, Wei and Rehme, Jakob},
    number = {2},
    month = {3},
    pages = {187--201},
    volume = {17},
    publisher = {Emerald Group Publishing Limited},
    url = {http://www.emeraldinsight.com/doi/10.1108/13598541211212915},
    doi = {10.1108/13598541211212915},
    issn = {1359-8546},
    keywords = {Building materials, Downstream integration, Merchanting, Retailing, Supply chain integration, Sweden, Vertical integration, Vertical marketing}
}

@incollection{Amin2017VerticalIndustry,
    title = {{Vertical integration or disintegration? The case of the UK car parts industry}},
    year = {2017},
    booktitle = {Restructuring the Global Automobile Industry},
    author = {Amin, Ash and Smith, Ian and Smith, Ian},
    month = {7},
    pages = {169--199},
    publisher = {Routledge},
    url = {https://www.taylorfrancis.com/books/9781351663960/chapters/10.4324/9781315160955-8},
    doi = {10.4324/9781315160955-8}
}

@article{Bhojraj2003WhatsResearch,
    title = {{What's My Line? A Comparison of Industry Classification Schemes for Capital Market Research}},
    year = {2003},
    journal = {Journal of Accounting Research},
    author = {Bhojraj, Sanjeev and Lee, Charles M. C. and Oler, Derek K.},
    number = {5},
    month = {12},
    pages = {745--774},
    volume = {41},
    publisher = {John Wiley {\&} Sons, Ltd (10.1111)},
    url = {http://doi.wiley.com/10.1046/j.1475-679X.2003.00122.x},
    doi = {10.1046/j.1475-679X.2003.00122.x},
    issn = {0021-8456}
}